@article{guo2018experimentally,
  title={Experimentally validated dispersion tailoring in a silicon strip waveguide with alumina thin-film coating},
  author={Guo, Kai and Christensen, Jesper B and Shi, Xiaodong and Christensen, Erik N and Lin, Li and Ding, Yunhong and Ou, Haiyan and Rottwitt, Karsten},
  journal={Ieee Photonics Journal},
  volume={10},
  number={1},
  pages={1--8},
  year={2018},
  publisher={IEEE}
}
@phdthesis{RN158,
   author = {郭凯},
   title = {硅基波导四波混频效应及应用研究},
   university = {国防科技大学},
   type = {博士},
   year = {2018},
   type = {Thesis}
}
@article{boidin2016pulsed,
  title={Pulsed laser deposited alumina thin films},
  author={Boidin, R{\'e}mi and Halenkovi{\v{c}}, Tom{\'a}{\v{s}} and Nazabal, Virginie and Bene{\v{s}}, Ludv{\'\i}k and N{\v{e}}mec, Petr},
  journal={Ceramics International},
  volume={42},
  number={1},
  pages={1177--1182},
  year={2016},
  publisher={Elsevier}
}
@article{fallahkhair2008vector,
  title={Vector finite difference modesolver for anisotropic dielectric waveguides},
  author={Fallahkhair, Arman B and Li, Kai S and Murphy, Thomas E},
  journal={Journal of Lightwave Technology},
  volume={26},
  number={11},
  pages={1423--1431},
  year={2008},
  publisher={IEEE}
}
@article{guo2017full,
  title={Full-vectorial propagation model and modified effective mode area of four-wave mixing in straight waveguides},
  author={Guo, Kai and Friis, S{\o}ren MM and Christensen, Jesper B and Christensen, Erik N and Shi, Xiaodong and Ding, Yunhong and Ou, Haiyan and Rottwitt, Karsten},
  journal={Optics Letters},
  volume={42},
  number={18},
  pages={3670--3673},
  year={2017},
  publisher={Optical Society of America}
}
@article{tsang2002optical,
  title={Optical dispersion, two-photon absorption and self-phase modulation in silicon waveguides at 1.5 $\mu$ m wavelength},
  author={Tsang, Hon Ki and Wong, CS and Liang, TK and Day, IE and Roberts, SW and Harpin, A and Drake, J and Asghari, M},
  journal={Applied Physics Letters},
  volume={80},
  number={3},
  pages={416--418},
  year={2002},
  publisher={American Institute of Physics}
}
@article{moss1989dispersion,
  title={Dispersion in the anisotropy of optical third-harmonic generation in silicon},
  author={Moss, DJ and van Driel, Henry M and Sipe, John E},
  journal={Optics letters},
  volume={14},
  number={1},
  pages={57--59},
  year={1989},
  publisher={Optical Society of America}
}